%YAML 1.1
%TAG !u! tag:unity3d.com,2011:
--- !u!1001 &100100000
Prefab:
  m_ObjectHideFlags: 1
  serializedVersion: 2
  m_Modification:
    m_TransformParent: {fileID: 0}
    m_Modifications: []
    m_RemovedComponents: []
  m_ParentPrefab: {fileID: 0}
  m_RootGameObject: {fileID: 1653289574664242}
  m_IsPrefabParent: 1
--- !u!1 &1653289574664242
GameObject:
  m_ObjectHideFlags: 0
  m_PrefabParentObject: {fileID: 0}
  m_PrefabInternal: {fileID: 100100000}
  serializedVersion: 5
  m_Component:
  - component: {fileID: 4331315632896712}
  - component: {fileID: 114818903811623580}
  - component: {fileID: 114186851858804502}
  - component: {fileID: 114815961885579478}
  - component: {fileID: 114543314412242242}
  - component: {fileID: 114374247697582370}
  - component: {fileID: 114881127933878586}
  - component: {fileID: 114844139654551830}
  - component: {fileID: 114540963830140390}
  m_Layer: 0
  m_Name: PUN_Controller
  m_TagString: PUN_Controller
  m_Icon: {fileID: 0}
  m_NavMeshLayer: 0
  m_StaticEditorFlags: 0
  m_IsActive: 1
--- !u!4 &4331315632896712
Transform:
  m_ObjectHideFlags: 1
  m_PrefabParentObject: {fileID: 0}
  m_PrefabInternal: {fileID: 100100000}
  m_GameObject: {fileID: 1653289574664242}
  m_LocalRotation: {x: 0, y: 0, z: 0, w: 1}
  m_LocalPosition: {x: 2.2400303, y: -2.1684127, z: 0}
  m_LocalScale: {x: 1, y: 1, z: 1}
  m_Children: []
  m_Father: {fileID: 0}
  m_RootOrder: 0
  m_LocalEulerAnglesHint: {x: 0, y: 0, z: 0}
--- !u!114 &114186851858804502
MonoBehaviour:
  m_ObjectHideFlags: 1
  m_PrefabParentObject: {fileID: 0}
  m_PrefabInternal: {fileID: 100100000}
  m_GameObject: {fileID: 1653289574664242}
  m_Enabled: 1
  m_EditorHideFlags: 0
  m_Script: {fileID: 11500000, guid: 0313ac6ff325d574fa3be2fd66856fa9, type: 3}
  m_Name: 
  m_EditorClassIdentifier: 
  AutoConnect: 1
  Version: 1
--- !u!114 &114374247697582370
MonoBehaviour:
  m_ObjectHideFlags: 1
  m_PrefabParentObject: {fileID: 0}
  m_PrefabInternal: {fileID: 100100000}
  m_GameObject: {fileID: 1653289574664242}
  m_Enabled: 1
  m_EditorHideFlags: 0
  m_Script: {fileID: 11500000, guid: 93e1b2c19b1b7cd479891875959a867e, type: 3}
  m_Name: 
  m_EditorClassIdentifier: 
--- !u!114 &114540963830140390
MonoBehaviour:
  m_ObjectHideFlags: 1
  m_PrefabParentObject: {fileID: 0}
  m_PrefabInternal: {fileID: 100100000}
  m_GameObject: {fileID: 1653289574664242}
  m_Enabled: 1
  m_EditorHideFlags: 0
  m_Script: {fileID: 11500000, guid: b591479ec3127e5449b0363108f2d76e, type: 3}
  m_Name: 
  m_EditorClassIdentifier: 
  m_cellPrefab: {fileID: 114237931950266082, guid: 2c1454e90b9eba64a89c8b84c4bb6e00,
    type: 2}
  m_tableView: {fileID: 0}
  m_tableViewParent: {fileID: 0}
--- !u!114 &114543314412242242
MonoBehaviour:
  m_ObjectHideFlags: 1
  m_PrefabParentObject: {fileID: 0}
  m_PrefabInternal: {fileID: 100100000}
  m_GameObject: {fileID: 1653289574664242}
  m_Enabled: 1
  m_EditorHideFlags: 0
  m_Script: {fileID: 11500000, guid: 7c7cdfe7abab52245a608f745062ceb9, type: 3}
  m_Name: 
  m_EditorClassIdentifier: 
  humanPrefab: {fileID: 1822366462764266, guid: a8900a5fb532d6041857eab5480578e0,
    type: 2}
  zombiePrefab: {fileID: 1617130860340006, guid: 2b02452ff25961641b1ad1dec7d77fd5,
    type: 2}
  character: {fileID: 0}
  isNextTypeHuman: 0
--- !u!114 &114815961885579478
MonoBehaviour:
  m_ObjectHideFlags: 1
  m_PrefabParentObject: {fileID: 0}
  m_PrefabInternal: {fileID: 100100000}
  m_GameObject: {fileID: 1653289574664242}
  m_Enabled: 1
  m_EditorHideFlags: 0
  m_Script: {fileID: 11500000, guid: efbeb0a1e8745584684e19c24909d59c, type: 3}
  m_Name: 
  m_EditorClassIdentifier: 
--- !u!114 &114818903811623580
MonoBehaviour:
  m_ObjectHideFlags: 1
  m_PrefabParentObject: {fileID: 0}
  m_PrefabInternal: {fileID: 100100000}
  m_GameObject: {fileID: 1653289574664242}
  m_Enabled: 1
  m_EditorHideFlags: 0
  m_Script: {fileID: 11500000, guid: 321c592dfcb49cd458c8f2cbe497513d, type: 3}
  m_Name: 
  m_EditorClassIdentifier: 
  Skin: {fileID: 11400000, guid: 798b8fafc1a9fe74cae8837a57ccae37, type: 2}
--- !u!114 &114844139654551830
MonoBehaviour:
  m_ObjectHideFlags: 1
  m_PrefabParentObject: {fileID: 0}
  m_PrefabInternal: {fileID: 100100000}
  m_GameObject: {fileID: 1653289574664242}
  m_Enabled: 1
  m_EditorHideFlags: 0
  m_Script: {fileID: 11500000, guid: aa584fbee541324448dd18d8409c7a41, type: 3}
  m_Name: 
  m_EditorClassIdentifier: 
  ownerId: 0
  group: 0
  OwnerShipWasTransfered: 0
  prefixBackup: -1
  synchronization: 0
  onSerializeTransformOption: 3
  onSerializeRigidBodyOption: 2
  ownershipTransfer: 0
  ObservedComponents:
  - {fileID: 0}
  ObservedComponentsFoldoutOpen: 1
  viewIdField: 0
  instantiationId: -1
  currentMasterID: -1
  isRuntimeInstantiated: 0
--- !u!114 &114881127933878586
MonoBehaviour:
  m_ObjectHideFlags: 1
  m_PrefabParentObject: {fileID: 0}
  m_PrefabInternal: {fileID: 100100000}
  m_GameObject: {fileID: 1653289574664242}
  m_Enabled: 1
  m_EditorHideFlags: 0
  m_Script: {fileID: 11500000, guid: fcc9b8ac5e0365e41ae7fdf7a8dcb2b0, type: 3}
  m_Name: 
  m_EditorClassIdentifier: 
  gameTime: 1
  rescueZoneTime: 0.15
  highscoresTime: 0.1
  sceneNameToEnterWhenAppPause: MenuScene
